@MISC{Tomasz_Michael,
    author = {Tomasz Mazuryk and Michael Gervautz},
    title = {Virtual Reality - History, Applications, Technology and Future},
    year = {}
}

@online{Sensorama,
  author = {VirtualSpeech},
  title = {History of VR - Timeline of Events and Tech Development},
  year = 2019,
  url = {https://virtualspeech.com/blog/history-of-vr},
  urldate = {2021-03-07}
}



@online{VirtualBoy,
  author = {Warped Factor},
  title = {Video Game Firsts: The First Virtual Reality Console - Nintendo's Virtual Boy},
  year = 2021,
  url = {http://www.warpedfactor.com/2015/12/video-game-firsts-virtual-boy.html},
  urldate = {2021-04-08}
}

@misc{OculusDK1,
  title = {Realidad Virtual, su Presente y Futuro},
  author = {Rubén Jiménez},
  note  =  {\url{http://jeuazarru.com/wp-content/uploads/2014/10/Realidad-Virtual-2014.pdf}},
  urldate = {2021-04-08}
}

@online{RoomScale,
  author = {Cognitive3D},
  title = {Room Scale \uppercase{VR} \uppercase{E}xplained: \uppercase{T}he \uppercase{M}ost \uppercase{I}mportant \uppercase{C}oncept in \uppercase{VR}},
  year = 2019,
  url = {https://cognitive3d.com/blog/room-scale-vr},
  urldate = {2021-02-29}
}

@online{OmniOne,
  author = {Xataka},
  title = {Virtuix \uppercase{O}mni \uppercase{O}ne, 2000 dólares por una cinta de correr en 360 grados para realidad virtual},
  year = 2020,
  url = {https://www.xataka.com/otros-dispositivos/virtuix-omni-one-cinta-correr-360-grados-pensada-para-moverse-entornos-realidad-virtual},
  urldate = {2021-03-22}
}


@misc{Euclides,
author = {Euclides},
title = {Los Elementos},
year = {300 a.C.},
}

@online{5th_postulate,
  author = {Sami Comment},
  title = {History of \uppercase{H}yperbolic \uppercase{G}eometry},
  year = 2016,
  url = {https://web.colby.edu/thegeometricviewpoint/tag/parallel-postulate/},
  urldate = {2021-04-12}
}

@article{VR_Oftalmology,
title = {Virtual Reality in Ophthalmology Training},
journal = {Survey of Ophthalmology},
volume = {51},
number = {3},
pages = {259-273},
year = {2006},
issn = {0039-6257},
doi = {https://doi.org/10.1016/j.survophthal.2006.02.005},
url = {https://www.sciencedirect.com/science/article/pii/S0039625706000312},
author = {Yousuf M. Khalifa and David Bogorad and Vincent Gibson and John Peifer and Julian Nussbaum},
keywords = {resident competencies, simulation, skill acquisition, surgical curriculum, virtual reality},
abstract = {Current training models are limited by an unstructured curriculum, financial costs, human costs, and time constraints. With the newly mandated resident surgical competency, training programs are struggling to find viable methods of assessing and documenting the surgical skills of trainees. Virtual-reality technologies have been used for decades in flight simulation to train and assess competency, and there has been a recent push in surgical specialties to incorporate virtual-reality simulation into residency programs. These efforts have culminated in an FDA-approved carotid stenting simulator. What role virtual reality will play in the evolution of ophthalmology surgical curriculum is uncertain. The current apprentice system has served the art of surgery for over 100 years, and we foresee virtual reality working synergistically with our current curriculum modalities to streamline and enhance the resident's learning experience.}
}

@article{VR_Military,
author={Bhagat, Kaushal Kumar
and Liou, Wei-Kai
and Chang, Chun-Yen},
title={A cost-effective interactive 3D virtual reality system applied to military live firing training},
journal={Virtual Reality},
year={2016},
month={Jun},
day={01},
volume={20},
number={2},
pages={127-140},
abstract={The goal of the present study was to develop a cost-effective, man--machine digital interface, to improve students' real-world firing range training, results, and achievement scores. A serious game-based learning environment was developed, integrating invisible laser infrared technology, 1:1 real-scale rifle guns with recoil effects, as well as 3D interactive virtual reality (VR) military training digital information content, to train students in military live firing. To evaluate the effectiveness of the proposed design, students' performance, in terms of their learning achievement and learning motivation, was examined. One hundred and sixty high school students from Taiwan were divided into four individual groups of 40 students each, with one control group and three experimental groups (EG1, EG2, and EG3). The data were analyzed by one-way analysis of variance. The results of this cost-effective 3D VR showed significantly better learning motivation, learning outcomes, and positive impacts on users' actual live firing achievement scores.},
issn={1434-9957},
doi={10.1007/s10055-016-0284-x},
url={https://doi.org/10.1007/s10055-016-0284-x}
}

@article{VR_Cognitive,
  title={Effects of Virtual Reality Treadmill Training on Balance and Balance Self-efficacy in Stroke Patients with a History of Falling},
  author={Jinhwa Jung and Jaeho Yu and Hyungkyu Kang},
  journal={Journal of Physical Therapy Science},
  volume={24},
  number={11},
  pages={1133-1136},
  year={2012},
  doi={10.1589/jpts.24.1133},
  url ={https://doi.org/10.1589/jpts.24.1133}
}

@article{VR_PTSD,
title = {Virtual Reality Exposure Therapy for PTSD Symptoms After a Road Accident: An Uncontrolled Case Series},
journal = {Behavior Therapy},
volume = {38},
number = {1},
pages = {39-48},
year = {2007},
issn = {0005-7894},
doi = {https://doi.org/10.1016/j.beth.2006.04.001},
url = {https://www.sciencedirect.com/science/article/pii/S0005789406000670},
author = {J. Gayle Beck and Sarah A. Palyo and Eliot H. Winer and Brad E. Schwagler and Eu Jin Ang},
abstract = {This report examined whether Virtual Reality Exposure Therapy (VRET) could be used in the treatment of posttraumatic stress disorder (PTSD) symptoms in the aftermath of a serious motor vehicle accident. Six individuals reporting either full or severe subsyndromal PTSD completed 10 sessions of VRET, which was conducted using software designed to create real-time driving scenarios. Results indicated significant reductions in posttrauma symptoms involving reexperiencing, avoidance, and emotional numbing, with effect sizes ranging from d=.79 to d=1.49. Indices of clinically significant and reliable change suggested that the magnitude of these changes was meaningful. Additionally, high levels of perceived reality (“presence”) within the virtual driving situation were reported, and patients reported satisfaction with treatment. Results are discussed in light of the possibility for VRET to be useful in guiding exposure in the treatment of PTSD following road accidents.}
}

@misc{Triangle_on_Sphere,
  title = {A triangle drawn in 3\uppercase{D} space},
  howpublished = {\url{https://www.abc.net.au/science/morebigquestions/sphere.htm}},
  note = {Accessed: 2021-04-12}
}

@misc{Triangle_on_Sphere_2D,
  title = {Immersive Visualization of the Classical Non-Euclidean Spaces using Real-Time Ray Tracing},
  howpublished = {\url{https://www.researchgate.net/publication/337089853_Immersive_Visualization_of_the_Classical_Non-Euclidean_Spaces_using_Real-Time_Ray_Tracing}},
  note = {Accessed: 2021-04-09}
}

@online{NE_Videogames_3D,
  author = {Velho, Luiz and Silva, Vinícius and Novello, Tiago},
  title = {History of \uppercase{H}yperbolic \uppercase{G}eometry},
  year = 2016,
  url = {https://www.researchgate.net/publication/337089853_Immersive_Visualization_of_the_Classical_Non-Euclidean_Spaces_using_Real-Time_Ray_Tracing},
  urldate = {2021-04-12}
}

@online{Manifold,
  author = {Z Singer},
  title = {Manifolds in \uppercase{D}ata \uppercase{S}cience — \uppercase{A} \uppercase{B}rief \uppercase{O}verview},
  year = 2019,
  url = {https://towardsdatascience.com/manifolds-in-data-science-a-brief-overview-2e9dde9437e5},
  urldate = {2021-04-05}
}

@online{Hyperbolic_Maze,
  author = {Zeno Rogue},
  title = {Manifolds in \uppercase{D}ata \uppercase{S}cience — \uppercase{A} \uppercase{B}rief \uppercase{O}verview},
  year = 2019,
  url = {http://www.madore.org/~david/math/hyperbolic-maze.html},
  urldate = {2021-04-11}
}

@book{Bonola,
  title={Non-Euclidean Geometry: A Critical and Historical Study of Its Development},
  author={Bonola, R.},
  isbn={9780486600277},
  lccn={55014932},
  series={Dover Books on Mathematics Series},
  url={https://books.google.es/books?id=oGr41Y\_Hgr8C},
  year={1955},
  publisher={Dover Publications}
}

@book{Coxeter,
author={Coxeter, H. S. M.},
title={Non-Euclidean Geometry},
year={1998},
publisher={American Mathematical Society},
address={Washington, United States},
keywords={Geometry, Non-Euclidean},
isbn={9781614445166},
url={http://ebookcentral.proquest.com/lib/upmes/detail.action?docID=3330454}
}


@misc{Saccheri_GP,
author = {Giovanni Gerolamo Saccheri},
title = {Geometriae Principia},
year = {1733},
}

@misc{Lobachevski,
author = {Nikolái Lobachevski},
title = {On the principles of geometry},
year = {1826}
}

@misc{Bolyai,
author = {Janos Bolyai},
title = {Appendix Scientiam Spatii Absolute Veram Exhibens (Appendix Explaining the
Abolutely True Science of Space)},
year = {1831}
}

@misc{Antichamber,
  title = {Rules and \uppercase{G}uiding \uppercase{P}rinciples of \uppercase{I}rrational \uppercase{S}paces in \uppercase{G}ames},
  howpublished = {\url{https://mediarep.org/bitstream/handle/doc/13072/Games_and_Rules_139-167_Bauer_Kato_The_Spectacular_Space.pdf?sequence=1}},
  note = {Accessed: 2021-04-13}
}

@misc{Antichamber_Puzzle,
  title = {Antichamber: El \uppercase{V}ideojuego no \uppercase{E}uclidiano},
  howpublished = {\url{http://www.startvideojuegos.com/antichamber-el-videojuego-no-euclidiano/}},
  note = {Accessed: 2021-04-13}
}

@misc{Portal_Game_3D,
  title = {Portal: review del videojuego de lógica mejor valorado de la historia},
  howpublished = {\url{https://www.cinconoticias.com/portal-review-videojuego/}},
  note = {Accessed: 2021-04-14}
}

@article{Portal_Game_2D,
title = {The power of play: The effects of Portal 2 and Lumosity on cognitive and noncognitive skills},
journal = {Computers \& Education},
volume = {80},
pages = {58-67},
year = {2015},
issn = {0360-1315},
doi = {https://doi.org/10.1016/j.compedu.2014.08.013},
url = {https://www.sciencedirect.com/science/article/pii/S0360131514001869},
author = {Valerie J. Shute and Matthew Ventura and Fengfeng Ke},
keywords = {Assessment, Persistence, Problem solving, Spatial skills, Videogames},
abstract = {In this study, we tested 77 undergraduates who were randomly assigned to play either a popular video game (Portal 2) or a popular brain training game (Lumosity) for 8 h. Before and after gameplay, participants completed a set of online tests related to problem solving, spatial skill, and persistence. Results revealed that participants who were assigned to play Portal 2 showed a statistically significant advantage over Lumosity on each of the three composite measures—problem solving, spatial skill, and persistence. Portal 2 players also showed significant increases from pretest to posttest on specific small- and large-scale spatial tests while those in the Lumosity condition did not show any pretest to posttest differences on any measure. Results are discussed in terms of the positive impact video games can have on cognitive and noncognitive skills.}
}

@misc{Spacial_Perception,
  title = {Percepción \uppercase{E}spacial - \uppercase{H}abilidad \uppercase{C}ognitiva},
  howpublished = {\url{https://www.cognifit.com/es/habilidad-cognitiva/percepcion-espacial}},
  note = {Accessed: 2021-04-14}
}

@misc{Spacial_Perception_on_Games,
  title = {Evaluación de la percepción espacial en ambientes virtuales},
  howpublished = {\url{http://cumincad.scix.net/data/works/att/504a.content.pdf}},
  note = {Accessed: 2021-04-14}
}

@article{Spacial_Perception_non_Euclidean,
author = {Rothman, D. and Warren, William},
year = {2010},
month = {06},
pages = {143-143},
title = {Wormholes in virtual reality and the geometry of cognitive maps},
volume = {6},
journal = {Journal of Vision - J VISION},
doi = {10.1167/6.6.143}
}

@book{Graphic_Engines,
title = "Análisis :  Motores gráficos y su aplicación en la industria",
author = "C González Muñoz",
publisher = "Departamento de Innovación, Investigación y Universidad",
address = "Zaragoza",
URL = "http://bibliotecavirtual.aragon.es/i18n/consulta/registro.cmd?id=4664",
year = "2015",
}

@misc{XR_Plug-in_Framework,
  title = {\uppercase{XR} \uppercase{P}lug-in \uppercase{F}ramework},
  howpublished = {\url{https://docs.unity3d.com/Manual/XRPluginArchitecture.html}},
  note = {Accessed: 2021-03-19}
}

@misc{Scene_Documentation,
  title = {Documentación de \uppercase{U}nity sobre escenas},
  howpublished = {\url{https://docs.unity3d.com/560/Documentation/Manual/CreatingScenes.html}},
  note = {Accessed: 2021-03-14}
}

@misc{Unity_XR_Introduction,
  title = {What is \uppercase{XR}?},
  howpublished = {\url{https://learn.unity.com/tutorial/what-is-xr?uv=2018.4&courseId=5d8c2359edbc2a00202bcad3&projectId=5d8c2fdfedbc2a3844c4d19c#}},
  note = {Accessed: 2021-03-29}
}

@misc{Inside_Out_Tracking,
  title = {V\uppercase{R} inside-out vs outside-in tracking},
  howpublished = {\url{https://skarredghost.com/2017/08/09/vr-inside-vs-outside-tracking/}},
  note = {Accessed: 2021-04-15}
}

@misc{DOF,
  title = {What is a 3 \uppercase{D}o\uppercase{F} vs 6 \uppercase{D}o\uppercase{F} in \uppercase{VR}?},
  howpublished = {\url{https://www.mechatech.co.uk/journal/what-is-a-3dof-vs-6dof-in-vr}},
  note = {Accessed: 2021-04-15}
}

@misc{DOF_image,
  title = {4 things to know about VR before you buy a headset},
  howpublished = {\url{https://toast.gg/4-things-to-know-about-vr-before-you-buy-a-headset/}},
  note = {Accessed: 2021-04-15}
}

@online{Unity_Render,
  author = {Jasper Flick},
  title = {Procedural Grid},
  year = 2021,
  url = {https://catlikecoding.com/unity/tutorials/procedural-grid/},
  urldate = {2021-06-05}
}

@online{Unity_Render_EDA,
  author = {Ahmed Schrute},
  title = {Rendering Pipeline in Unity},
  year = 2019,
  url = {https://medium.com/shader-coding-in-unity-from-a-to-z/rendering-pipe-line-f0471aa0904b},
  urldate = {2021-06-07}
}

@online{Unity_Materials,
  author = {Gayathri Anbazhagan},
  title = {How To Apply Materials, Shaders And Textures To Objects In Unity},
  year = 2020,
  url = {https://www.c-sharpcorner.com/article/how-to-apply-materials-shaders-and-textures-to-objects-in-unity2/},
  urldate = {2021-06-08}
}

@online{Sobrecarga_Constructores,
  author = {Cecilio Álvarez Caules},
  title = {Java Sobrecarga de métodos y constructores},
  year = 2021,
  url = {https://www.arquitecturajava.com/java-sobrecarga-de-metodos-y-constructores/},
  urldate = {2021-06-08}
}

@online{Teletransport_Movement,
  author = {Arthur Ribeiro},
  title = {VR Locomotion: How to Move in VR Environment},
  year = 2021,
  url = {https://www.c-sharpcorner.com/article/how-to-apply-materials-shaders-and-textures-to-objects-in-unity2/},
  urldate = {2021-05-24}
}

@online{Immersion_Experiment,
  author = {Kimberly A. Pollard},
  title = {Level of immersion afects spatial learning in virtual environments:
results of a three‑condition within‑subjects study with long
intersession intervals},
  year = 2020,
  url = {https://link.springer.com/content/pdf/10.1007/s10055-019-00411-y.pdf},
  urldate = {2021-05-27}
}

@ARTICLE{Cybersickness,
AUTHOR={Weech, Séamas and Kenny, Sophie and Barnett-Cowan, Michael},
TITLE={Presence and Cybersickness in Virtual Reality Are Negatively Related: A Review},     
JOURNAL={Frontiers in Psychology},      
VOLUME={10},      
PAGES={158},     
YEAR={2019},      
URL={https://www.frontiersin.org/article/10.3389/fpsyg.2019.00158}
}

DOI={10.3389/fpsyg.2019.00158},      
ISSN={1664-1078},   
ABSTRACT={In order to take advantage of the potential offered by the medium of virtual reality (VR), it will be essential to develop an understanding of how to maximize the desirable experience of “presence” in a virtual space (“being there”), and how to minimize the undesirable feeling of “cybersickness” (a constellation of discomfort symptoms experienced in VR). Although there have been frequent reports of a possible link between the observer’s sense of presence and the experience of bodily discomfort in VR, the amount of literature that discusses the nature of the relationship is limited. Recent research has underlined the possibility that these variables have shared causes, and that both factors may be manipulated with a single approach. This review paper summarizes the concepts of presence and cybersickness and highlights the strengths and gaps in our understanding about their relationship. We review studies that have measured the association between presence and cybersickness, and conclude that the balance of evidence favors a negative relationship between the two factors which is driven principally by sensory integration processes. We also discuss how system immersiveness might play a role in modulating both presence and cybersickness. However, we identify a serious absence of high-powered studies that aim to reveal the nature of this relationship. Based on this evidence we propose recommendations for future studies investigating presence, cybersickness, and other related factors.}
}

@online{Sistema_Guardian,
  author = {SarkXR},
  title = {¿Cuánto espacio necesitas para jugar con Oculus Quest 2?},
  year = 2021,
  url = {https://distritoxr.com/cuanto-espacio-necesitas-para-jugar-con-oculus-quest-2/},
  urldate = {2021-05-28}
}

@article{Differences_XR_Systems,
title = {Testing and validating Extended Reality (xR) technologies in manufacturing},
journal = {Procedia Manufacturing},
volume = {25},
pages = {31-38},
year = {2018},
note = {Proceedings of the 8th Swedish Production Symposium (SPS 2018)},
issn = {2351-9789},
doi = {https://doi.org/10.1016/j.promfg.2018.06.054},
url = {https://www.sciencedirect.com/science/article/pii/S2351978918305730},
author = {Åsa Fast-Berglund and Liang Gong and Dan Li},
keywords = {AR, VR, cyber-physical, information levels, utilization, CPPS-testbed, learning factories},
abstract = {xR technologies such as Augmented Reality (AR) and Virtual Reality (VR) are increasing at shop-floors but are still in need for validation in order to make good strategic decisions regarding implementation. The areas where most industries apply AR is within remote guidance and complex tasks such as maintenance. VR is mostly used for layout planning and more and more for virtual training. This paper aims to present results from six case studies with over two hundred responders from academy and industry about usage and strategies on where and when to implement what xR technology..}
}

@unpublished{TFG_David,
           title = {Entornos no euclidianos en realidad virtual},
          author = {David Calder{\'o}n Cort{\'e}s},
         address = {Madrid},
            year = {2020},
            note = {unpublished},
        keywords = {Realidad virtual; Sensaci{\'o}n de presencia},
             url = {http://oa.upm.es/64542/},
        abstract = {En la actualidad, la tecnolog{\'i}a de la Realidad Virtual ha evolucionado hasta lograr un nivel de inmersi{\'o}n capaz de confundir los sentidos de los usuarios, haci{\'e}ndoles sentir que realmente existen dentro del mundo virtual. Esta sensaci{\'o}n es conocida como ?presencia? y es un efecto que cada vez se logra con mayor facilidad gracias al realismo generado por los nuevos dispositivos de Realidad Virtual.
El hecho de que los usuarios sientan que se encuentran realmente dentro de esa realidad alternativa hace que su reacci{\'o}n frente a lo que sucede en ella sea similar o id{\'e}ntica a la cual tendr{\'i}a en la realidad. Sin embargo, si un usuario es expuesto a un entorno irreal, algo a lo que
no est{\'a} acostumbrado, es comprensible pensar que su reacci{\'o}n ser{\'a} inesperada. Este Trabajo de Fin de Grado ha surgido con la idea de formar una base para futuras investigaciones sobre el fen{\'o}meno de la sensaci{\'o}n de presencia en entornos extra{\~n}os para el ser humano. Es por esto que, a lo largo de este Trabajo de Fin de Grado, se expone el proceso realizado hasta generar una serie de escenarios espacialmente imposibles. Para crear estos espacios imposibles, se hace uso de unos portales imperceptibles para el ojo del usuario, creando entornos
a los que no est{\'a} expuesto en su d{\'i}a a d{\'i}a. Adem{\'a}s, estos escenarios son completamente funcionales en una aplicaci{\'o}n con soporte a Realidad virtual, lo que permite al usuario sumergirse en ellos consiguiendo as{\'i} la sensaci{\'o}n de realismo e inmersi{\'o}n que se logra con los dispositivos
de Realidad virtual actuales. Para ello, se realiza un proceso de investigaci{\'o}n sobre el estado de la tecnolog{\'i}a actual, analizando las t{\'e}cnicas utilizadas para la generaci{\'o}n de espacios superpuestos en videojuegos
tridimensionales a lo largo de los a{\~n}os y como dichas t{\'e}cnicas pueden ser adaptadas a su aplicaci{\'o}n en un entorno virtual. Tras exponer las bases sobre las que se basa el desarrollo, se elaboran unos portales que,
compuestos por dos planos conectados entre s{\'i}, conecten dos espacios distintos del escenario. Esto lo hacen mostrando en cada plano una imagen del espacio al que est{\'a} conectado en tiempo real, creando as{\'i} la ilusi{\'o}n de que los espacios conectados a trav{\'e}s del portal son realmente
un solo espacio m{\'a}s grande. Adem{\'a}s, esta ilusi{\'o}n se acent{\'u}a con el efecto de teletransporte que se desarrolla para los portales, que teletransportan al usuario entre ambos planos una vez atraviesa uno de ellos. Este {\'u}ltimo efecto se aprovecha tambi{\'e}n para alterar las f{\'i}sicas del entorno, cambiando la direcci{\'o}n en la que se ejerce la fuerza de la gravedad sobre el escenario, adapt{\'a}ndola a la rotaci{\'o}n del plano al que el usuario es teletransportado y permitiendo desplazarse por todo el escenario con completa libertad. Esto, como se ver{\'a} reflejado en los resultados obtenidos en este Trabajo de Fin de Grado, abre la puerta a infinidad de posibilidades a la hora de crear escenarios. Mediante su utilizaci{\'o}n, se pueden crear entornos artificialmente infinitos y sin l{\'i}mites, ampliando de manera artificial el espacio explorable por el usuario dentro de la aplicaci{\'o}n sin necesidad de aumentar el espacio real donde se utilice el dispositivo de Realidad virtual.
Abstract:
Nowadays, Virtual Reality technology has reached a level of immersion capable of deceiving user?s senses and making them feel like they really do exist in that virtual world. This feeling is known as ?presence? and it is getting easier to achieve it over time thanks to the realism created by the most recent VR displays. The fact that users find themselves immersed in that alternative reality makes their reaction to what happens inside that reality comparable to their reaction in the real world.  Nevertheless, there is no assurance that this will happen on an unreal environment unknown by the user, so we can assume that their reactions will be unpredictable. This end-of-degree project its made with the goal for it to be used on future researches about these ?presence? feeling on unknown environments. This is why, in this end-of-degree project, a series of spatially impossible environments are developed. These spatially impossible spaces are elaborated using portals which cant be seen by
the users eyes, creating a space which users don?t deal with day to day. In addition, all these environments will be completely functional on a Virtual Reality application, as the immersion and freedom of exploration provided by the newest Virtual Reality devices will be perfect to immerse the user senses in them. To this end, a research process about the state of the technology is done, evaluating used developing techniques for strange and unreal environments in tridimensional videogames throughout the years, and how this techniques can be adapted to a Virtual Reality application. After the research process has established the bases in which the development is built, portals which, formed by two planes connected to each other, connect two different spaces from the environment are developed. This is done by showing the user a representation in real time of the space each plane is connected to, creating an optical illusion in which the two different connected spaces seem to be only one big space. Furthermore, this illusion is improved with the teleporting effect developed for the portals, which teleport the user between both planes once he walks through one of them. This last effect is also used to manipulate the environment physics, changing the direction in which the force of gravity exerts on the environment and adjust it to the rotation of the plane the user will be teleported to, allowing him to move freely through the whole environment. As it can be seen in this end-of-degree results, this portals open the way to an infinity of possibilities then creating environments. Through its use, it is possible to create artificially infinite environment without limits, artificially expanding the virtual space inside the application without a need of expanding the real space in which the Virtual Reality device is being used.}
}
